@book{
    GabRam,
    author="Gabber, O. and Ramero, L.",
    title="Almost Ring Theory",
    address="Berlin",
    series="Lecture notes in mathematics",
    publisher="Springer-{V}erlag",
    year="2003"
},

@article{
    art2,
    author="Ming-Huat Lim, Joshua Juat-Huan Tan",
    title="Preservers of matrix pairs with bounded distance",
    journal="Linear Algebra and its Applications",
    volume="422",
    year="2007",
    pages="517-525"
}

@article{
    art1,
    author="Hans Havlicek (Wien) and Peter Šemrl (Ljubljana)",
    title="From geometry to invertibility preservers",
    journal="Studia Mathematica",
    volume="174",
    number="1",
    year="2006",
    pages="99-109"
}

@article{
    Hua,
    author="Loo-Keng Hua",
    title="Geometries of Matrices. I. Generalizations of Von Staudt's Theorem",
    journal="Transactions of the American Mathematical Society",
    volume="57",
    number="3",
    year="1945",
    pages="441-481"
}

@article{
    art3,
    author="C. Costara, A.E. Guterman, A.M. Maksaev and V.V. Promyslov",
    title="Automorphisms of the total digraph for the ring of
square matrices over a ﬁeld",
    journal="Linear Algebra and its Applications",
    volume="666",
    year="2023",
    pages="129-143"
}

@unpublished{
    GGO,
    author="Gillet, H. and Gorchinskiy, S. and Ovchinnikov, A.",
    title="{P}arameterized {P}icard-{V}essiot extensions and {A}tiyah extensions",
    year="2011",
    URL="http://arxiv.org/abs/1110.3526"
},

@phdthesis{
    Wibmer1,
    author="Wibmer, M.",
    title="Geometric Difference {G}alois Theory",
    year="2010",
    school="Heidelberg"
},
